<?xml version="1.0" encoding="UTF-8"?><record xmlns="http://www.loc.gov/MARC21/slim" xmlns:cinclude="http://apache.org/cocoon/include/1.0" xmlns:zs="http://www.loc.gov/zing/srw/">
  <leader>00461cz  a2200145n  4500</leader>
  <controlfield tag="001">no 94009138 </controlfield>
  <controlfield tag="003">DLC</controlfield>
  <controlfield tag="005">20001021071528.0</controlfield>
  <controlfield tag="008">940321n| acannaabn          |a aaa     c</controlfield>
  <datafield tag="010" ind1=" " ind2=" ">
    <subfield code="a">no 94009138 </subfield>
  </datafield>
  <datafield tag="035" ind1=" " ind2=" ">
    <subfield code="a">(OCoLC)oca03571880</subfield>
  </datafield>
  <datafield tag="040" ind1=" " ind2=" ">
    <subfield code="a">InU</subfield>
    <subfield code="b">eng</subfield>
    <subfield code="c">InU</subfield>
    <subfield code="d">OCoLC</subfield>
  </datafield>
  <datafield tag="100" ind1="1" ind2=" ">
    <subfield code="a">Shannon-Hartman, Sharon Lee</subfield>
  </datafield>
  <datafield tag="400" ind1="1" ind2=" ">
    <subfield code="a">Hartman, Sharon Lee Shannon-</subfield>
  </datafield>
  <datafield tag="670" ind1=" " ind2=" ">
    <subfield code="a">Electrical stimulation of cochleas in drug-deafened guinea pigs, 1993:</subfield>
    <subfield code="b">t.p. (Sharon Lee Shannon-Hartman)</subfield>
  </datafield>
</record>